<?xml version="1.0" encoding="UTF-8"?><record xmlns="http://www.loc.gov/MARC21/slim" xmlns:cinclude="http://apache.org/cocoon/include/1.0" xmlns:zs="http://www.loc.gov/zing/srw/">
  <leader>00492nz  a2200121n  4500</leader>
  <controlfield tag="001">n  86098654 </controlfield>
  <controlfield tag="003">DLC</controlfield>
  <controlfield tag="005">19860624094658.8</controlfield>
  <controlfield tag="008">860609n| acannaab|          |n aaa |||  </controlfield>
  <datafield tag="010" ind1=" " ind2=" ">
    <subfield code="a">n  86098654 </subfield>
  </datafield>
  <datafield tag="040" ind1=" " ind2=" ">
    <subfield code="a">DLC</subfield>
    <subfield code="c">DLC</subfield>
    <subfield code="d">DLC</subfield>
  </datafield>
  <datafield tag="100" ind1="1" ind2="0">
    <subfield code="a">O'Day, Daniel G.,</subfield>
    <subfield code="d">1955-</subfield>
  </datafield>
  <datafield tag="670" ind1=" " ind2=" ">
    <subfield code="a">McGowen, D. Criminal and civil tax fraud, c1986-:</subfield>
    <subfield code="b">v. 1, CIP t.p. (Daniel G. O'Day, member of the Illinois Bar) galley (associated with the Peoria, Illinois law firm of Sutkowski &amp; Washkuhn Association) data sheet (b. 6-14-55)</subfield>
  </datafield>
</record>